
@article{biswas_semidefinite_2006,
  title   = {Semidefinite programming approaches for sensor network localization with noisy distance measurements},
  volume  = {3},
  number  = {4},
  journal = {IEEE transactions on automation science and engineering},
  author  = {Biswas, Pratik and Liang, T.-C. and Toh, K.-C. and Ye, Yinyu and Wang, T.-C.},
  year    = {2006},
  note    = {Publisher: IEEE},
  pages   = {360--371},
  file    = {Biswas et al. - 2006 - Semidefinite programming approaches for sensor net.pdf:/Users/brent/Zotero/storage/QPMZBF98/Biswas et al. - 2006 - Semidefinite programming approaches for sensor net.pdf:application/pdf;Snapshot:/Users/brent/Zotero/storage/VXP957VQ/1707954.html:text/html}
}

@article{luo_semidefinite_2010,
  title   = {Semidefinite relaxation of quadratic optimization problems},
  volume  = {27},
  number  = {3},
  journal = {IEEE Signal Processing Magazine},
  author  = {Luo, Zhi-Quan and Ma, Wing-Kin and So, Anthony Man-Cho and Ye, Yinyu and Zhang, Shuzhong},
  year    = {2010},
  note    = {Publisher: IEEE},
  pages   = {20--34},
  file    = {Snapshot:/Users/brent/Zotero/storage/CBQQFG9F/5447068.html:text/html;Luo et al. - 2010 - Semidefinite relaxation of quadratic optimization .pdf:/Users/brent/Zotero/storage/QDLLZHYX/Luo et al. - 2010 - Semidefinite relaxation of quadratic optimization .pdf:application/pdf}
}

@article{burer_exact_2019,
  title   = {Exact semidefinite formulations for a class of (random and non-random) nonconvex quadratic programs},
  journal = {Mathematical Programming},
  author  = {Burer, Samuel and Ye, Yinyu},
  year    = {2019},
  note    = {Publisher: Springer},
  pages   = {1--17},
  file    = {Full Text:/Users/brent/Zotero/storage/R3NQXCH6/Burer and Ye - 2019 - Exact semidefinite formulations for a class of (ra.pdf:application/pdf;Snapshot:/Users/brent/Zotero/storage/PYIU8XCP/10.html:text/html}
}

@inproceedings{biswas_semidefinite_2004,
  title     = {Semidefinite programming for ad hoc wireless sensor network localization},
  booktitle = {Proceedings of the 3rd international symposium on {Information} processing in sensor networks},
  author    = {Biswas, Pratik and Ye, Yinyu},
  year      = {2004},
  pages     = {46--54},
  file      = {Biswas and Ye - 2004 - Semidefinite programming for ad hoc wireless senso.pdf:/Users/brent/Zotero/storage/DMLKCX7T/Biswas and Ye - 2004 - Semidefinite programming for ad hoc wireless senso.pdf:application/pdf;Snapshot:/Users/brent/Zotero/storage/ZPNWV8SR/984622.html:text/html}
}

@misc{noauthor_dsdp_nodate,
  title   = {{DSDP}: {Software} for {Semidefinite} {Programming} and {Linear} {Matrix} {Inequalities}},
  url     = {https://www.mcs.anl.gov/hs/software/DSDP/},
  urldate = {2021-04-01},
  file    = {DSDP\: Software for Semidefinite Programming and Linear Matrix Inequalities:/Users/brent/Zotero/storage/TVRNM8LI/DSDP.html:text/html}
}

@article{diamond_cvxpy_2016,
  title      = {{CVXPY}: {A} {Python}-embedded modeling language for convex optimization},
  volume     = {17},
  shorttitle = {{CVXPY}},
  number     = {1},
  journal    = {The Journal of Machine Learning Research},
  author     = {Diamond, Steven and Boyd, Stephen},
  year       = {2016},
  note       = {Publisher: JMLR. org},
  pages      = {2909--2913},
  file       = {Full Text:/Users/brent/Zotero/storage/XLE36CAX/Diamond and Boyd - 2016 - CVXPY A Python-embedded modeling language for con.pdf:application/pdf}
}

@article{agrawal_rewriting_2018,
  title   = {A rewriting system for convex optimization problems},
  volume  = {5},
  number  = {1},
  journal = {Journal of Control and Decision},
  author  = {Agrawal, Akshay and Verschueren, Robin and Diamond, Steven and Boyd, Stephen},
  year    = {2018},
  note    = {Publisher: Taylor \& Francis},
  pages   = {42--60},
  file    = {Full Text:/Users/brent/Zotero/storage/9KE5L89L/Agrawal et al. - 2018 - A rewriting system for convex optimization problem.pdf:application/pdf;Snapshot:/Users/brent/Zotero/storage/MAFLNV2A/23307706.2017.html:text/html}
}

@inproceedings{lofberg_yalmip_2004,
  title      = {{YALMIP}: {A} toolbox for modeling and optimization in {MATLAB}},
  shorttitle = {{YALMIP}},
  booktitle  = {2004 {IEEE} international conference on robotics and automation ({IEEE} {Cat}. {No}. {04CH37508})},
  publisher  = {IEEE},
  author     = {Lofberg, Johan},
  year       = {2004},
  pages      = {284--289},
  file       = {Full Text:/Users/brent/Zotero/storage/PRJ5565K/Lofberg - 2004 - YALMIP A toolbox for modeling and optimization in.pdf:application/pdf;Snapshot:/Users/brent/Zotero/storage/SQLPSPPE/1393890.html:text/html}
}

@article{lubin_computing_2015,
  title   = {Computing in operations research using {Julia}},
  volume  = {27},
  number  = {2},
  journal = {INFORMS Journal on Computing},
  author  = {Lubin, Miles and Dunning, Iain},
  year    = {2015},
  note    = {Publisher: INFORMS},
  pages   = {238--248},
  file    = {Full Text:/Users/brent/Zotero/storage/VKNAS3D6/Lubin and Dunning - 2015 - Computing in operations research using Julia.pdf:application/pdf;Snapshot:/Users/brent/Zotero/storage/5INKMRMQ/ijoc.2014.html:text/html}
}

@article{dunning_jump_2017,
  title      = {{JuMP}: {A} modeling language for mathematical optimization},
  volume     = {59},
  shorttitle = {{JuMP}},
  number     = {2},
  journal    = {SIAM review},
  author     = {Dunning, Iain and Huchette, Joey and Lubin, Miles},
  year       = {2017},
  note       = {Publisher: SIAM},
  pages      = {295--320},
  file       = {Full Text:/Users/brent/Zotero/storage/5MA5HZAK/Dunning et al. - 2017 - JuMP A modeling language for mathematical optimiz.pdf:application/pdf;Snapshot:/Users/brent/Zotero/storage/SJ57YYQH/15M1020575.html:text/html}
}
